<record><leader>00000cas a22000007a 4500</leader><controlfield tag="001">18710512</controlfield><controlfield tag="008">881104d19661977mouwr ne      0    0eng d</controlfield><datafield ind1=" " ind2=" " tag="010"><subfield code="a">sn 88068100 </subfield></datafield><datafield ind1=" " ind2=" " tag="040"><subfield code="a">MQN</subfield><subfield code="b">eng</subfield><subfield code="c">MQN</subfield><subfield code="d">OCLCQ</subfield></datafield><datafield ind1="0" ind2=" " tag="130"><subfield code="a">Advertiser (Advance, Mo.)</subfield></datafield><datafield ind1="1" ind2="4" tag="245"><subfield code="a">The advertiser.</subfield></datafield><datafield ind1="1" ind2="3" tag="246"><subfield code="a">Advance advertiser</subfield></datafield><datafield ind1=" " ind2=" " tag="260"><subfield code="a">Advance, Mo. :</subfield><subfield code="b">Betty Stephens,</subfield><subfield code="c">1966-1977.</subfield></datafield><datafield ind1=" " ind2=" " tag="300"><subfield code="a">v.</subfield></datafield><datafield ind1=" " ind2=" " tag="310"><subfield code="a">Weekly</subfield></datafield><datafield ind1="0" ind2=" " tag="362"><subfield code="a">Vol. 1, no. 33 (Mar. 23, 1966)-v. 12, no. 30 (Mar. 16, 1977).</subfield></datafield><datafield ind1=" " ind2=" " tag="500"><subfield code="a">Published in Dexter, Mo., from Sept. 24, 1969 to Mar. 16, 1977.</subfield></datafield><datafield ind1=" " ind2="4" tag="651"><subfield code="a">Advance (Mo.)</subfield><subfield code="v">Newspapers.</subfield></datafield><datafield ind1=" " ind2=" " tag="752"><subfield code="a">United States</subfield><subfield code="b">Missouri</subfield><subfield code="c">Stoddard</subfield><subfield code="d">Dexter.</subfield></datafield><datafield ind1=" " ind2=" " tag="752"><subfield code="a">United States</subfield><subfield code="b">Missouri</subfield><subfield code="c">Stoddard</subfield><subfield code="d">Advance.</subfield></datafield><datafield ind1="0" ind2="0" tag="780"><subfield code="t">Advance advertiser</subfield><subfield code="w">(DLC)sn 88068000</subfield></datafield><datafield ind1="0" ind2="1" tag="785"><subfield code="t">Advance news (Advance, Mo. : 1969)</subfield><subfield code="w">(DLC)sn 88068103</subfield></datafield><datafield ind1="0" ind2="0" tag="785"><subfield code="t">Stoddard County news</subfield><subfield code="w">(DLC)sn 88068101</subfield></datafield></record>